@book{натансон2008теория,
  title     = {Теория функций вещественной переменной},
  author    = {Натансон, Исидор Павлович},
  year      = {2008},
  publisher = {Лань}
}